@online{1,
  author = {TU Dortmund},
  title = {Versuchsanleitung zum Versuch 28},
  year = 2018,
  url = {http://129.217.224.2/HOMEPAGE/Anleitung_MPAP.html},
    note = {[Online; Stand 11.10.2018]}
}
@online{2,
  author = {},
  title = {},
  year = ,
  url = {},
    note = {[Online; Stand 11.10.2018]}
}
@online{3,
  author = {},
  title = {},
  year = ,
  url = {},
    note = {[Online; Stand 11.10.2018]}
}
