@online{1,
  author = {TU Dortmund},
  title = {Experiment instructions for the experiment 28},
  year = 2018,
  url = {http://129.217.224.2/HOMEPAGE/Anleitung_FPMP.html},
    note = {[Online; as at 20.10.2018]}
}
@online{2,
  author = {National Institute of Standards and Technology},
  title = {Bohr magneton},
  url = {https://physics.nist.gov/cgi-bin/cuu/Value?mub},
    note = {[Online; Stand 20.10.2018]}
}
@online{3,
  author = {National Institute of Standards and Technology},
  title = {Planck constant },
  url = {https://physics.nist.gov/cgi-bin/cuu/Value?h},
    note = {[Online; Stand 20.10.2018]}
}
